%%%%%%%%%LIVROS%%%%%%%%%
@BOOK{slack07,
   AUTHOR    = {Nigel Slack and Stuart Chambers and Robert Johnston},
   TITLE     = {Administração da Produção},
   ADDRESS = {São Paulo},
   PUBLISHER = {Atlas},
   YEAR      = {2007},
   EDITION   = {2}
}

@BOOK{correa06,
   AUTHOR    = {Henrique L. Corrêa and Irineu G. N. Gianesi and Mauro Caon},
   TITLE     = {Planejamento, Programação e Controle da Produção},
   ADDRESS = {São Paulo},
   PUBLISHER = {Atlas},
   YEAR      = {2006},
   EDITION   = {4}
}


@BOOK{moresi03,
   AUTHOR    = {Eduardo Moresi},
   TITLE     = {Metodologia da Pesquisa},
   ADDRESS = {Brasília},
   YEAR      = {2003}
}

@BOOK{garvey79,
   AUTHOR    = {William D. Garvey},
   TITLE     = {Communication: the essence of science},
   ADDRESS = {Oxford},
   PUBLISHER = {Pegamon},
   YEAR      = {1979}
}

@Misc{jose13,
author = {José Geraldo Fonseca},
title = {Henry Ford, um homem que mudou o mundo},
howpublished = {Best Car},
year = {2013},
url = {http://bestcars.uol.com.br/bc/informe-se/passado/homens-maquinas/henry-ford-um-homem-que-mudou-o-mundo/2/},
urlaccessdate = {18 de set. 2013},
}

@BOOK{jung10,
   AUTHOR    = {Carlos Fernando Jung},
   TITLE     = {Elaboração de Projetos de Pesquisa Aplicados a Engenharia de Produção},
   ADDRESS = {Taquara},
   PUBLISHER = {Pioneira Thomson Learning},
   YEAR      = {2004}
}


@BOOK{bruno,
   AUTHOR    = {Bruno Paoleschi},
   TITLE     = {Logística industrial integrada},
   ADDRESS = {São Paulo},
   PUBLISHER = {Érica},
   YEAR      = {2009},
   EDITION   = {2}
}

@BOOK{brown05,
   AUTHOR    = {Steve Brown and Richard Lamming and John Bessant and Peter Jones},
   TITLE     = {Strategic operations management},
   ADDRESS = {United Kingdom},
   PUBLISHER = {Elsevier},
   YEAR      = {2005},
   EDITION   = {2}
}	

@Book{donald05,
author = {Doanld F. Blumberg},
title = {Introduction to management of reverse logistics and closed loop supply chain processes},
publisher = {CRC Press},
year = {2005},
address = {Florida},
}

@BOOK{rogers99,
   AUTHOR    = {Dale S. Rogers and Ronald S. Tibben-Lembke},
   TITLE     = {Backwards: Reverse Logistics Trends and Practices},
   ADDRESS = {Reno},
   PUBLISHER = {Universidade de Nevada},
   YEAR      = {1999}
}



@Misc{brasil88,
author = {Brasil},
title = {Constituição da República Federativa do Brasil de 1988},
url = {http://www.planalto.gov.br/ccivil-03/constituicao/constituicao.htm},
urlaccessdate = {20 de out. 2011},
year = {1988}
}
