---
- id: expDE:online,
author: Felipe Campelo, Moises Botelho,
title: CRAN - Package ExpDE - Modular Differential Evolution for Experimenting with Operators,
howpublished: \url{https://cran.r-project.org/web/packages/ExpDE/index.html,
month: 01,
year: 2018,
note: Acessada em 25/08/2019

---
-id: montgomery09,
   AUTHOR : D.C. Montgomery and G.C. Runger,
   TITLE : Estat√≠stica aplicada e probabilidade para engenheiros,
   ADDRESS: Rio de Janeiro,
   PUBLISHER: LTC,
   YEAR: 2009,
   EDITION: 4
---